<?xml version="1.0" encoding="UTF-8"?>
<record xmlns="http://www.loc.gov/MARC21/slim">
   <leader>01259cam a2200277 a 4500</leader>
   <controlfield tag="001">1025666</controlfield>
   <controlfield tag="003">NjP</controlfield>
   <controlfield tag="005">20171027095937.0</controlfield>
   <controlfield tag="008">951214s1990    ir       b    000 0 ara d</controlfield>
   <datafield tag="024" ind1="7" ind2=" ">
      <subfield code="a">princeton_aco003929</subfield>
      <subfield code="2">local</subfield>
   </datafield>
   <datafield ind1=" " ind2=" " tag="035">
      <subfield code="a">(OCoLC)34031369</subfield>
   </datafield>
   <datafield ind1=" " ind2=" " tag="035">
      <subfield code="a">(CStRLIN)NJPG95-B78693</subfield>
   </datafield>
   <datafield ind1=" " ind2=" " tag="035">
      <subfield code="9">CBZ9985TS</subfield>
   </datafield>
   <datafield ind1=" " ind2=" " tag="040">
      <subfield code="a">NjP</subfield>
      <subfield code="c">NjP</subfield>
   </datafield>
   <datafield ind1="0" ind2=" " tag="041">
      <subfield code="a">araper</subfield>
   </datafield>
   <datafield ind1="1" ind2=" " tag="100">
      <subfield code="a">Tunukābunī, Muḥammad ibn Sulaymān,</subfield>
      <subfield code="d">1819 or 1820-approximately 1892.</subfield>
      <subfield code="0">http://id.loc.gov/authorities/names/nr96004858</subfield>
   </datafield>
   <datafield ind1="1" ind2="0" tag="245">
      <subfield code="a">Tawshīḥ al-tafsīr :</subfield>
      <subfield code="b">fī qawāʻid al-tafsīr wa-al-taʼwīl /</subfield>
      <subfield code="c">taʼlīf Muḥammad ibn Sulaymān al-Tunukābunī ; taḥqīq Jaʻfar al-Saʻīdī al-Jīlānī.</subfield>
   </datafield>
   <datafield ind1=" " ind2=" " tag="250">
      <subfield code="a">al-Tabʻah 1.</subfield>
   </datafield>
   <datafield ind1=" " ind2=" " tag="260">
      <subfield code="a">Qum :</subfield>
      <subfield code="b">Intishārāt Kitāb Saʻdī,</subfield>
      <subfield code="c">1411 [1990]</subfield>
   </datafield>
   <datafield ind1=" " ind2=" " tag="300">
      <subfield code="a">9, 232 p. ;</subfield>
      <subfield code="c">24 cm.</subfield>
   </datafield>
   <datafield ind1=" " ind2=" " tag="504">
      <subfield code="a">Includes bibliographical references.</subfield>
   </datafield>
   <datafield ind1=" " ind2=" " tag="546">
      <subfield code="a">Arabic and Persian; introduction also in Persian.</subfield>
   </datafield>
   <datafield ind1="0" ind2="0" tag="630">
      <subfield code="a">Qurʼan</subfield>
      <subfield code="x">Criticism, interpretation, etc.</subfield>
      <subfield code="0">http://id.loc.gov/authorities/subjects/sh85072959</subfield>
   </datafield>
   <datafield ind1="0" ind2="0" tag="630">
      <subfield code="a">Qurʼan</subfield>
      <subfield code="x">Hermeneutics.</subfield>
      <subfield code="0">http://id.loc.gov/authorities/subjects/sh85072967</subfield>
   </datafield>
   <datafield ind1="2" ind2=" " tag="700">
      <subfield code="a">Saʻīdī al-Jīlānī, Jaʻfar.</subfield>
   </datafield>
   <datafield ind1=" " ind2=" " tag="998">
      <subfield code="a">01/05/96</subfield>
      <subfield code="s">9114</subfield>
      <subfield code="n">NjP</subfield>
      <subfield code="w">NJPG95B78693</subfield>
      <subfield code="d">12/14/95</subfield>
      <subfield code="c">AAH</subfield>
      <subfield code="b">AAH</subfield>
      <subfield code="i">960105</subfield>
      <subfield code="l">NJPG</subfield>
   </datafield>
   <datafield ind1=" " ind2=" " tag="911">
      <subfield code="a">19960111</subfield>
   </datafield>
   <datafield ind1=" " ind2=" " tag="912">
      <subfield code="a">19960208051812.0</subfield>
   </datafield>
   <datafield ind1="0" ind2="0" tag="852">
      <subfield code="0">1184388</subfield>
      <subfield code="b">rcppa</subfield>
      <subfield code="t">1</subfield>
      <subfield code="h">BP130.2</subfield>
      <subfield code="i">.T364 1990</subfield>
      <subfield code="x">tr fr nec</subfield>
   </datafield>
   <datafield ind1=" " ind2=" " tag="959">
      <subfield code="a">2000-06-13 00:00:00 -0400</subfield>
   </datafield>
</record>
